<record><leader>00000cas a22000007a 4500</leader><controlfield tag="001">11368399</controlfield><controlfield tag="008">841109d18351839njuwr ne      0    0eng d</controlfield><datafield ind1=" " ind2=" " tag="010"><subfield code="a">sn 84045010 </subfield></datafield><datafield ind1=" " ind2=" " tag="040"><subfield code="a">NPA</subfield><subfield code="b">eng</subfield><subfield code="c">NPA</subfield><subfield code="d">NJW</subfield><subfield code="d">CNW</subfield><subfield code="d">OCL</subfield><subfield code="d">OCLCQ</subfield><subfield code="d">OCLCF</subfield><subfield code="d">OCLCO</subfield></datafield><datafield ind1=" " ind2=" " tag="042"><subfield code="a">msc</subfield></datafield><datafield ind1=" " ind2=" " tag="043"><subfield code="a">n-us-nj</subfield></datafield><datafield ind1="0" ind2=" " tag="130"><subfield code="a">Burlington gazette (Burlington, N.J. : 1835)</subfield></datafield><datafield ind1="1" ind2="4" tag="245"><subfield code="a">The Burlington gazette.</subfield></datafield><datafield ind1=" " ind2=" " tag="260"><subfield code="a">Burlington, N.J. :</subfield><subfield code="b">J.L. Powell,</subfield><subfield code="c">1835-1839.</subfield></datafield><datafield ind1=" " ind2=" " tag="300"><subfield code="a">v. :</subfield><subfield code="b">ill. (chiefly advertisements)</subfield></datafield><datafield ind1=" " ind2=" " tag="310"><subfield code="a">Weekly</subfield></datafield><datafield ind1="0" ind2=" " tag="362"><subfield code="a">Vol. 1, no. 1 (Dec. 16, 1835)-v. 3, no. 7 (May 17, 1839).</subfield></datafield><datafield ind1=" " ind2=" " tag="530"><subfield code="a">Also issued on microfilm by Micro-Graphics Corp., Garfield, N.J.</subfield></datafield><datafield ind1=" " ind2="0" tag="651"><subfield code="a">Burlington (N.J.)</subfield><subfield code="v">Newspapers.</subfield></datafield><datafield ind1=" " ind2="7" tag="655"><subfield code="a">Newspapers.</subfield><subfield code="2">fast</subfield><subfield code="0">(OCoLC)fst01423814</subfield></datafield><datafield ind1=" " ind2="7" tag="651"><subfield code="a">New Jersey</subfield><subfield code="z">Burlington.</subfield><subfield code="2">fast</subfield><subfield code="0">(OCoLC)fst01237018</subfield></datafield><datafield ind1=" " ind2=" " tag="752"><subfield code="a">United States</subfield><subfield code="b">New Jersey</subfield><subfield code="c">Burlington</subfield><subfield code="d">Burlington.</subfield></datafield><datafield ind1="0" ind2="0" tag="785"><subfield code="t">Burlington gazette, and New Jersey silk and agricultural register</subfield><subfield code="w">(DLC)sn 84045011</subfield><subfield code="w">(OCoLC)11368481</subfield></datafield></record>